@article{ehellman,
	title={A cryptanalytic time-memory trade-off},
	author={Hellman, Martin},
	journal={IEEE transactions on Information Theory},
	volume={26},
	number={4},
	pages={401--406},
	year={1980},
	publisher={IEEE}
}

@inproceedings{Oech03,
	title={Making a faster cryptanalytic time-memory trade-off},
	author={Oechslin, Philippe},
	booktitle={Annual International Cryptology Conference},
	pages={617--630},
	year={2003},
	organization={Springer}
}

@inbook{Rivest,
	title={Cryptography and data security},
	author={Robling Denning, Dorothy Elizabeth},
	year={1982},
	publisher={Addison-Wesley Longman Publishing Co., Inc.},
	pages=100
}

@article{Wang,
	title={Notes on Rainbow Distinguished Point Method},
	author={Wang, Wenhao},
	journal={arXiv preprint arXiv:1506.00794},
	year={2015}
}

@inproceedings{DP,
	author = {Standaert, François-Xavier and Rouvroy, Gaël and Quisquater, Jean-Jacques and Legat, Jean-Didier},
	year = {2003},
	month = {02},
	pages = {13-30},
	title = {A Time-Memory Tradeo. Using Distinguished Points: New Analysis \& FPGA Results},
	volume = {2523},
	doi = {10.1007/3-540-36400-5_43}
}

@inproceedings{VDP,
	author = {Hong, Jin and Jeong, Kyung and Kwon, Eun and Lee, In-Sok and Ma, Daegun},
	year = {2008},
	month = {04},
	pages = {131-145},
	title = {Variants of the Distinguished Point Method for Cryptanalytic Time Memory Trade-Offs},
	volume = {4991},
	doi = {10.1007/978-3-540-79104-1_10}
}

@inproceedings{fuzzyStudy,
	author = {Haghighi, Mahmoud and Dakhilalian, Mohammad},
	year = {2014},
	month = {09},
	pages = {39-43},
	title = {A practical time complexity analysis of fuzzy rainbow tradeoff},
	journal = {2014 11th International ISC Conference on Information Security and Cryptology, ISCISC 2014},
	doi = {10.1109/ISCISC.2014.6994019}
}

@phdthesis{fuzzy,
	author = {Barkan, Elad},
	year = {2006},
	month = "April",
	title = {Cryptanalysis of Ciphers and Protocols},
	school={Technion - Israel Institute of Technology}
}

@techreport{checkpoints,
	author = "Gildas Avoine and Pascal Junod and Philippe Oechslin",
	title = "Time-memory trade-offs: False alarms detection using checkpoints",
	version = "LASEC-REPORT-2005-002",
	organization = "Swiss Federal Institute of Technology (EPFL), Security and Cryptogra-phy Laboratory-(LASEC)",
	address = "Lausanne, Switzerland",
	month = "September",
	year = 2005
	}
